@misc{1:androidstudio:online,
	title = {Android Studio},
	month = may,
	year = {2013},
	note = {\href{https://developer.android.com/sdk/index.html}{https://developer.android.com/sdk/index.html} [Online; Last accessed Febrary 2015]},
}

@misc{2:android:online,
	author = {Google},
	title = {Android},
	month = oct,
	year = {2007},
	note = {\href{http://es.wikipedia.org/wiki/Android}{http://es.wikipedia.org/wiki/Android} [Online; Last accessed June 2015]},
}

@misc{3:intellij:online,
	title = {IntelliJ IDEA},
	month = jan,
	year = {2001},
	note = {\href{http://en.wikipedia.org/wiki/IntelliJ_IDEA}{http://en.wikipedia.org/wiki/IntelliJ_IDEA} [Online; Last accessed June 2015]},
}

@misc{4:nucleolinux:online,
	title = {Núcleo Linux},
	month = aug,
	year = {1991},
	note = {\href{http://es.wikipedia.org/wiki/N%C3%BAcleo_Linux}{http://es.wikipedia.org/wiki/N%C3%BAcleo_Linux} [Online; Last accessed June 2015]},
}

@misc{5:wearables:online,
	title = {Relojes Inteligentes},
	month = jun,
	year = {2000},
	note = {\href{http://es.wikipedia.org/wiki/Reloj_inteligente}{http://es.wikipedia.org/wiki/Reloj_inteligente} [Online; Last accessed June 2015]},
}

@misc{6:firebase:online,
	title = {Firebase},
	month = dec,
	year = {2011},
	note = {\href{https://www.firebase.com/}{https://www.firebase.com/} [Online; Last accessed June 2015]},
}

@misc{7:json:online,
	title = {JSON},
	month = dec,
	year = {2005},
	note = {\href{http://es.wikipedia.org/wiki/JSON}{http://es.wikipedia.org/wiki/JSON} [Online; Last accessed June 2015]},
}

@misc{8:jquery:online,
	title = {Web JQUERY},
	month = jan,
	year = {2006},
	note = {\href{https://jquery.com/}{https://jquery.com/} [Online; Last accessed June 2015]},
}

@misc{9:jquery:online,
	title = {JQUERY},
	month = jan,
	year = {2006},
	note = {\href{http://es.wikipedia.org/wiki/JQuery}{http://es.wikipedia.org/wiki/JQuery} [Online; Last accessed June 2015]},
}

@misc{10:ios:online,
	title = {Apple},
	month = jun,
	year = {2007},
	note = {\href{http://es.wikipedia.org/wiki/IOS}{http://es.wikipedia.org/wiki/IOS} [Online; Last accessed June 2015]},
}

@misc{11:rest:online,
	title = {Servicios Rest},
	month = jan,
	year = {2000},
	note = {\href{http://es.wikipedia.org/wiki/Representational_State_Transfer}{http://es.wikipedia.org/wiki/Representational_State_Transfer} [Online; Last accessed June 2015]},
}

@misc{12:ide:online,
	title = {Entorno de Desarrollo Integrado},
	month = jun,
	year = {1964},
	note = {\href{http://es.wikipedia.org/wiki/Ambiente_de_desarrollo_integrado}{http://es.wikipedia.org/wiki/Ambiente_de_desarrollo_integrado} [Online; Last accessed June 2015]},
}

@misc{13:androidstudiodescarga:online,
	ALTauthor = {Varios Autores, Google},
	title = {Android Studio},
	month = may,
	year = {2013},
	note = {\href{https://developer.android.com/intl/es/sdk/index.html}{https://developer.android.com/intl/es/sdk/index.html} [Online; Last accessed Febrary 2015]},
}

@misc{14:java:online,
	author = {James Gosling, Sun Microsystem},
	title = {Java},
	month = jan,
	year = {1995},
	note = {\href{http://es.wikipedia.org/wiki/Java_(lenguaje_de_programación)}{http://es.wikipedia.org/wiki/Java_(lenguaje_de_programación)} [Online; Last accessed June 2015]},
}

@misc{15:eclipse:online,
	author = {Sun Microsystem},
	title = {Eclipse},
	month = jun,
	year = {2015000},
	note = { [Online; Last accessed June 2015]},
}

@misc{16:parse:online,
	ALTauthor = {Varios Autores},
	title = {Parse},
	month = jun,
	year = {2015000},
	note = { [Online; Last accessed June 2015]},
}

@misc{17:jdk:online,
	ALTauthor = {Varios Autores},
	title = {Java Development Kit},
	month = jun,
	year = {2015000},
	note = { [Online; Last accessed June 2015]},
}

@misc{18:google:online,
	ALTauthor = {Varios Autores},
	title = {Google},
	month = jun,
	year = {2015000},
	note = {\href{http://www.google.com/}{http://www.google.com/} [Online; Last accessed June 2015]},
}
