@online{1:androidstudio:online,
	title = {Android Studio},
	month = may,
	year = {2013},
	date = {01-05-2013},
	note = {\href{https://developer.android.com/sdk/index.html}{https://developer.android.com/sdk/index.html} [Online; Last accessed February 2015]},
	url = {https://developer.android.com/sdk/index.html},
}

@online{2:android:online,
	author = {Google},
	title = {Android},
	month = oct,
	year = {2007},
	date = {01-10-2007},
	note = {\href{https://en.wikipedia.org/wiki/Android_(operating_system)}{https://en.wikipedia.org/wiki/Android\_\(operating\_system\)} [Online; Last accessed June 2015]},
	url = {https://en.wikipedia.org/wiki/Android_(operating_system)},
}

@online{3:remind:online,
	author = {CreaTactil},
	title = {Remind: Comunicación segura},
	month = sep,
	year = {},
	date = {},
	note = {\href{https://play.google.com/store/apps/details?id=com.remind101}{https://play.google.com/store/apps/details?id=com.remind101} [Online; Last accessed September 2015]},
	url = {https://play.google.com/store/apps/details?id=com.remind101},
}

@online{4:micolegioapp:online,
	author = {CreaTactil},
	title = {},
	month = sep,
	year = {},
	date = {},
	note = {\href{https://play.google.com/store/apps/details?id=com.creatactil.colegioapp}{https://play.google.com/store/apps/details?id=com.creatactil.colegioapp} [Online; Last accessed September 2015]},
	url = {https://play.google.com/store/apps/details?id=com.creatactil.colegioapp},
}

@online{5:os:online,
	title = {Operating System},
	month = dec,
	year = {2011},
	date = {01-12-2011},
	note = {\href{https://en.wikipedia.org/wiki/Operating_system}{https://en.wikipedia.org/wiki/Operating\_system} [Online; Last accessed September 2015]},
	url = {https://en.wikipedia.org/wiki/Operating_system},
}

@online{6:firebase:online,
	title = {Firebase},
	month = dec,
	year = {2011},
	date = {01-12-2011},
	note = {\href{https://www.firebase.com/}{https://www.firebase.com/} [Online; Last accessed June 2015]},
	url = {https://www.firebase.com/},
}

@online{7:json:online,
	title = {JSON},
	month = dec,
	year = {2005},
	date = {01-12-2005},
	note = {\href{http://en.wikipedia.org/wiki/JSON}{http://en.wikipedia.org/wiki/JSON} [Online; Last accessed June 2015]},
	url = {http://en.wikipedia.org/wiki/JSON}
}

@online{8:latex:online,
	title = {Latex},
	month = sep,
	year = {},
	date = {},
	note = {\href{http://www.latex-project.org/}{http://www.latex-project.org/} [Online; Last accessed September 2015]},
	url = {http://www.latex-project.org/}
}

@online{9:github:online,
	title = {github},
	month = sep,
	year = {},
	date = {},
	note = {\href{https://github.com/}{https://github.com/} [Online; Last accessed September 2015]},
	url = {https://github.com/}
}

@online{10:hashmap:online,
	title = {HashMap},
	month = sep,
	year = {},
	date = {},
	note = {\href{http://docs.oracle.com/javase/7/docs/api/java/util/HashMap.html}{http://docs.oracle.com/javase/7/docs/api/java/util/HashMap.html} [Online; Last accessed September 2015]},
	url = {http://docs.oracle.com/javase/7/docs/api/java/util/HashMap.html}
}

@online{12:arraytist:online,
	title = {ArrayList},
	month = sep,
	year = {},
	date = {},
	note = {\href{http://docs.oracle.com/javase/7/docs/api/java/util/ArrayList.html}{http://docs.oracle.com/javase/7/docs/api/java/util/ArrayList.html} [Online; Last accessed September 2015]},
	url = {http://docs.oracle.com/javase/7/docs/api/java/util/ArrayList.html}
}

@online{11:parcelable:online,
	author = {},
	title = {Interface Parcelable},
	month = jan,
	year = {},
	date = {},
	note = {\href{http://developer.android.com/reference/android/os/Parcelable.html}{http://developer.android.com/reference/android/os/Parcelable.html} [Online; Last accessed June 2015]},
	url = {http://developer.android.com/reference/android/os/Parcelable.html},
}

@online{13:sqlite:online,
	author = {SGoliver},
	title = {SQLite Android},
	month = jan,
	year = {2015},
	date = {},
	note = {\href{http://www.sgoliver.net/blog/bases-de-datos-en-android-i-primeros-pasos/}{http://www.sgoliver.net/blog/bases-de-datos-en-android-i-primeros-pasos/} [Online; Last accessed September 2015]},
	url = {http://www.sgoliver.net/blog/bases-de-datos-en-android-i-primeros-pasos/},
}

@online{15:eclipse:online,
	author = {Sun Microsystem},
	title = {Web Eclipse},
	month = nov,
	year = {2001},
	date = {01-11-2001},
	note = {\href{https://eclipse.org/}{https://eclipse.org/} [Online; Last accessed June 2015]},
	url = {https://eclipse.org/},
}

@online{20:andoirdSDK:online,
	title = {Android SDK},
	month = jan,
	year = {},
	date = {},
	note = {\href{http://developer.android.com/intl/es/sdk/installing/installing-adt.html}{http://developer.android.com/intl/es/sdk/installing/installing-adt.html} [Online; Last accessed June 2015]},
	url = {http://developer.android.com/intl/es/sdk/installing/installing-adt.html},
}

@online{21:jdt:online,
	title = {Java Development Tools},
	month = jan,
	year = {},
	date = {},
	note = {\href{http://www.eclipse.org/jdt/}{http://www.eclipse.org/jdt/} [Online; Last accessed June 2015]},
	url = {http://www.eclipse.org/jdt/},
}

@online{16:parse:online,
	title = {Parse},
	month = jan,
	year = {},
	date = {},
	note = {\href{https://www.parse.com/}{https://www.parse.com/} [Online; Last accessed June 2015]},
	url = {https://www.parse.com/},
}

@online{17:jdk:online,
	title = {Java Development Kit},
	month = jan,
	year = {},
	date = {},
	note = {\href{http://www.oracle.com/technetwork/java/javase/downloads/jdk8-downloads-2133151.html}{http://www.oracle.com/technetwork/java/javase/downloads/jdk8-downloads-2133151.html} [Online; Last accessed June 2015]},
	url = {http://www.oracle.com/technetwork/java/javase/downloads/jdk8-downloads-2133151.html},
}

@online{29:firstapp:online,
	author = {Developer Android},
	title = {Training},
	month = jan,
	year = {},
	date = {},
	note = {\href{https://developer.android.com/training/index.html}{https://developer.android.com/training/index.html} [Online; Last accessed January 2015]},
	url = {https://developer.android.com/training/index.html},
}


@online{55:tabhostswipe:online,
	author = {Developer Android},
	title = {TabHost Swipe},
	month = apr,
	year = {},
	date = {},
	note = {\href{http://www.cs.dartmouth.edu/~campbell/cs65/lecture08/lecture08.html}{http://www.cs.dartmouth.edu/{\textasciitilde}campbell/cs65/lecture08/lecture08.html} [Online; Last accessed April 2015]},
	url = {http://www.cs.dartmouth.edu/~campbell/cs65/lecture08/lecture08.html},
}

@online{57:nube:online,
	author = {},
	title = {computación en la Nube},
	month = jun,
	year = {},
	date = {},
	note = {\href{https://en.wikipedia.org/wiki/Cloud_computing}{https://en.wikipedia.org/wiki/Cloud\_computing} [Online; Last accessed June 2015]},
	url = {https://en.wikipedia.org/wiki/Cloud_computing},
}

@online{58:UML:online,
	author = {},
	title = {Unified Modeling Languaje},
	month = aug,
	year = {},
	date = {},
	note = {\href{http://www.uml.org/}{http://www.uml.org/} [Online; Last accessed August 2015]},
	url = {},
}